%% This BibTeX bibliography file was created using BibDesk.
%% http://bibdesk.sourceforge.net/


%% Created for Timon Höbert at 2013-09-17 18:57:14 +0200 


%% Saved with string encoding Unicode (UTF-8) 



@book{SLBbook,
	Author = {Tony Bourke},
	Date-Added = {2013-05-31 06:07:13 +0000},
	Date-Modified = {2013-05-31 06:07:13 +0000},
	Isbn = {0-596-00050-2},
	Publisher = {O´REILLY},
	Title = {Server Load Balancing},
	Url = {https://web.archive.org/web/20040721090101/http://www.oreilly.com/catalog/serverload/chapter/ch07.html},
	Year = {2001},
	note =  {\url{https://web.archive.org/web/20040721090101/http://www.oreilly.com/catalog/serverload/chapter/ch07.html}},
}

@book{mahmoud2005middleware,
	Author = {Mahmoud, Q.},
	Date-Added = {2013-05-23 16:59:44 +0000},
	Date-Modified = {2013-05-23 16:59:44 +0000},
	Isbn = {9780470862070},
	Publisher = {Wiley},
	Title = {Middleware for Communications},
	Url = {http://books.google.at/books?id=bh8\_0FD3qgQC},
	Year = {2005},
	Bdsk-Url-1 = {http://books.google.at/books?id=bh8\%5C_0FD3qgQC}}
	
@article{Lastverteilung,
    author    = "",
    title     = "Lastverteilung (Informatik), Definition und Aufbau",
    journal   = "",
     Url = {https://de.wikipedia.org/wiki/Lastverteilung_(Informatik)},
    year      = "2016",
    note =  {\url{https://de.wikipedia.org/wiki/Lastverteilung_(Informatik)}},
}

@article{LastverteilungPerDNS,
    author    = "",
    title     = "Lastverteilung per DNS, Beschreibung der Funktion und Umsetzung",
    journal   = "",
	Url = {https://de.wikipedia.org/wiki/Lastverteilung_per_DNS},
    year      = "2016",
    note =  {\url{{https://de.wikipedia.org/wiki/Lastverteilung_per_DNS}},
}

@article{RoundRobinDNS,
    author    = "Thomas Sanchez",
    title     = "Round Robin DNS",
    journal   = "",
	Url = {http://www.webopedia.com/TERM/R/Round_Robin_DNS.html},
    year      = "2015",
    note =  {\url{{http://www.webopedia.com/TERM/R/Round_Robin_DNS.htm}},
}

@article{SRVResourceRecord,
    author    = "",
    title     = "Definition und Funktionsweise von SRV",
    journal   = "",
	Url = {https://de.wikipedia.org/wiki/SRV_Resource_Record},
    year      = "2016",
    note =  {\url{{https://de.wikipedia.org/wiki/SRV_Resource_Record}},
}


@article{BGP,
    author    = "",
    title     = "Border Gateway Protokoll,  Definition Aufbau und Beschreibung",
    journal   = "",
	Url = {https://de.wikipedia.org/wiki/Border_Gateway_Protocol},
    year      = "2016",
    note =  {\url{{https://de.wikipedia.org/wiki/Border_Gateway_Protocol}},
}

@article{anycast,
    author    = "",
    title     = "Anycast, Adressierungsmethode mit Beschreibung",
    journal   = "",
	Url = {https://de.wikipedia.org/wiki/Anycastl},
    year      = "2016",
    note =  {\url{https://de.wikipedia.org/wiki/Anycast}},
}

@article{AS,
    author    = "",
    title     = "Autonome Systeme, mit Definition und Beschreibung",
    journal   = "",
	Url = {https://de.wikipedia.org/wiki/Autonomes_System},
    year      = "2016",
    note =  {\url{https://de.wikipedia.org/wiki/Autonomes_System}},
}


